@article{osti_4654707,
title = {MSRE DESIGN AND OPERATIONS REPORT. PART I. DESCRIPTION OF REACTOR DESIGN},
author = {Robertson, R.C.},
doi = {10.2172/4654707},
place = {United States},
year = {1965},
month = {1}
} 

@techreport{bettis1972design,
  title={DESIGN STUDIES OF A MOLTEN-SALT REACTOR DEMONSTRATION PLANT.},
  author={Bettis, ES and Alexander, LG and Watts, HL},
  year={1972},
  institution={Oak Ridge National Lab., Tenn.}
}

@article{msradventure,
author = {H. G. MacPherson},
title = {The Molten Salt Reactor Adventure},
journal = {Nuclear Science and Engineering},
volume = {90},
number = {4},
pages = {374-380},
year  = {1985},
publisher = {Taylor & Francis},
doi = {10.13182/NSE90-374},

URL = { https://doi.org/10.13182/NSE90-374},
eprint = { https://doi.org/10.13182/NSE90-374}

}


@article{denaturedmsr,
title = {Conceptual design characteristics of a denatured molten-salt reactor with once-through fueling},
author = {Engel, J.R. and Bauman, H.F. and Dearing, J.F. and Grimes, W.R. and McCoy, H.E. and Rhoades, W.A.},
doi = {10.2172/5352526},
place = {United States},
year = {1980},
month = {7}
} 

@article{singlefluidmsbr,
author = {E. S. Bettis and Roy C. Robertson},
title = {The Design and Performance Features of a Single-Fluid Molten-Salt Breeder Reactor},
journal = {Nuclear Applications and Technology},
volume = {8},
number = {2},
pages = {190-207},
year  = {1970},
publisher = {Taylor & Francis},
doi = {10.13182/NT70-A28625},

URL = { 
        https://doi.org/10.13182/NT70-A28625
    
},
eprint = { 
        https://doi.org/10.13182/NT70-A28625
    
}

}

@article{msrtimeline,
author = {M. W. Rosenthal and P. R. Kasten and R. B. Briggs},
title = {Molten-Salt Reactorsâ€”History, Status, and Potential},
journal = {Nuclear Applications and Technology},
volume = {8},
number = {2},
pages = {107-117},
year  = {1970},
publisher = {Taylor & Francis},
doi = {10.13182/NT70-A28619},

URL = { 
        https://doi.org/10.13182/NT70-A28619
    
},
eprint = { 
        https://doi.org/10.13182/NT70-A28619
    
}

}



